@inproceedings{PinSAGE,
 author = {Ying, Rex and He, Ruining and Chen, Kaifeng and Eksombatchai, Pong and Hamilton, William L. and Leskovec, Jure},
 title = {Graph Convolutional Neural Networks for Web-Scale Recommender Systems},
 booktitle = {Proceedings of the 24th ACM SIGKDD International Conference on Knowledge Discovery \&\#38; Data Mining},
 series = {KDD '18},
 year = {2018},
 isbn = {978-1-4503-5552-0},
 location = {London, United Kingdom},
 pages = {974--983},
 numpages = {10},
 url = {http://doi.acm.org/10.1145/3219819.3219890},
 doi = {10.1145/3219819.3219890},
 acmid = {3219890},
 publisher = {ACM},
 address = {New York, NY, USA},
 keywords = {deep learning, graph convolutional networks, recommender systems, scalability},
}

@inproceedings{GIN,
title={How Powerful are Graph Neural Networks?},
author={Keyulu Xu and Weihua Hu and Jure Leskovec and Stefanie Jegelka},
booktitle={International Conference on Learning Representations},
year={2019},
}

@inproceedings{DiffPool,
  title={Hierarchical graph representation learning with differentiable pooling},
  author={Ying, Zhitao and You, Jiaxuan and Morris, Christopher and Ren, Xiang and Hamilton, Will and Leskovec, Jure},
  booktitle={Advances in Neural Information Processing Systems},
  year={2018}
}

@article{GCN,
  title={Semi-Supervised Classification with Graph Convolutional Networks},
  author={Kipf, Thomas N and Welling, Max},
  journal={arXiv preprint arXiv:1609.02907},
  year={2016}
}

@incollection{GraphSAGE,
title = {Inductive Representation Learning on Large Graphs},
author = {Hamilton, Will and Ying, Zhitao and Leskovec, Jure},
booktitle = {Advances in Neural Information Processing Systems 30},
year = {2017}
}

@article{GraphAttention,
  title={Graph Attention Networks},
  author={Veli{\v{c}}kovi{\'{c}}, Petar and Cucurull, Guillem and Casanova, Arantxa and Romero, Adriana and Li{\`{o}}, Pietro and Bengio, Yoshua},
  journal={International Conference on Learning Representations},
  year={2018},
}

@inproceedings{PyG,
  title={Fast Graph Representation Learning with {PyTorch Geometric}},
  author={Fey, Matthias and Lenssen, Jan E.},
  booktitle={ICLR Workshop on Representation Learning on Graphs and Manifolds},
  year={2019},
}

@article{Lux,
 author = {Jia, Zhihao and Kwon, Yongkee and Shipman, Galen and McCormick, Pat and Erez, Mattan and Aiken, Alex},
 title = {A Distributed multi-GPU System for Fast Graph Processing},
 journal = {Proc. VLDB Endow.},
 issue_date = {November 2017},
 volume = {11},
 number = {3},
 month = nov,
 year = {2017},
 publisher = {VLDB Endowment},
}

@inproceedings {Gemini,
author = {Xiaowei Zhu and Wenguang Chen and Weimin Zheng and Xiaosong Ma},
title = {Gemini: A Computation-Centric Distributed Graph Processing System},
booktitle = {12th {USENIX} Symposium on Operating Systems Design and Implementation ({OSDI} 16)},
year = {2016},
publisher = {{USENIX} Association},
}

@inproceedings {NeuGraph,
author = {Lingxiao Ma and Zhi Yang and Youshan Miao and Jilong Xue and Ming Wu and Lidong Zhou and Yafei Dai},
title = {NeuGraph: Parallel Deep Neural Network Computation on Large Graphs},
booktitle = {2019 {USENIX} Annual Technical Conference ({USENIX} {ATC} 19)},
year = {2019},
publisher = {{USENIX} Association},
}

@inproceedings{Presto,
	Author = {Venkataraman, Shivaram and Bodzsar, Erik and Roy, Indrajit and AuYoung, Alvin and Schreiber, Robert S.},
	Booktitle = {Proceedings of the 8th ACM European Conference on Computer Systems},
	Date-Added = {2017-09-07 05:53:12 +0000},
	Date-Modified = {2017-09-07 05:53:12 +0000},
	Series = {EuroSys '13},
	Title = {Presto: Distributed Machine Learning and Graph Processing with Sparse Matrices},
	Year = {2013}}

@inproceedings{Pregel,
	Author = {Malewicz, Grzegorz and Austern, Matthew H. and Bik, Aart J.C and Dehnert, James C. and Horn, Ilan and Leiser, Naty and Czajkowski, Grzegorz},
	Booktitle = {Proceedings of the 2010 ACM SIGMOD International Conference on Management of Data},
	Location = {Indianapolis, Indiana, USA},
	Series = {SIGMOD '10},
	Title = {Pregel: A System for Large-scale Graph Processing},
	Year = {2010}}

@inproceedings{PowerGraph,
	Author = {Gonzalez, Joseph E. and Low, Yucheng and Gu, Haijie and Bickson, Danny and Guestrin, Carlos},
	Booktitle = {Proceedings of the 10th USENIX Conference on Operating Systems Design and Implementation},
	Location = {Hollywood, CA, USA},
	Series = {OSDI'12},
	Title = {PowerGraph: Distributed Graph-parallel Computation on Natural Graphs},
	Year = {2012}}

@inproceedings{GraphX,
	Author = {Gonzalez, Joseph E. and Xin, Reynold S. and Dave, Ankur and Crankshaw, Daniel and Franklin, Michael J. and Stoica, Ion},
	Booktitle = {Proceedings of the 11th USENIX Conference on Operating Systems Design and Implementation},
	Location = {Broomfield, CO},
	Series = {OSDI'14},
	Title = {{GraphX}: Graph Processing in a Distributed Dataflow Framework},
	Year = {2014}}

@inproceedings{MetaFlow,
author = {Jia, Zhihao and Thomas, James and Warzawski, Todd and Gao, Mingyu and Zaharia, Matei and Aiken, Alex},
title = {Optimizing DNN Computation with Relaxed Graph Substitutions},
booktitle = {Proceedings of the 2nd Conference on Systems and Machine Learning},
series = {SysML'19},
year = {2019},
}

@inproceedings{FlexFlow,
author = {Jia, Zhihao and Zaharia, Matei and Aiken, Alex},
title = {Beyond Data and Model Parallelism for Deep Neural Networks},
booktitle = {Proceedings of the 2nd Conference on Systems and Machine Learning},
series = {SysML'19},
year = {2019},
}

@inproceedings{Tangram,
author = {Gao, Mingyu and Yang, Xuan and Pu, Jing and Horowitz, Mark and Kozyrakis, Christos},
title = {TANGRAM: Optimized Coarse-Grained Dataflow for Scalable NN Accelerators},
booktitle = {Proceedings of the 24th International Conference on Architectural Support for Programming Languages and Operating Systems},
 series = {ASPLOS '19},
 year = {2019},
 }

@inproceedings{Tetris,
 author = {Gao, Mingyu and Pu, Jing and Yang, Xuan and Horowitz, Mark and Kozyrakis, Christos},
 title = {TETRIS: Scalable and Efficient Neural Network Acceleration with 3D Memory},
 booktitle = {Proceedings of the Twenty-Second International Conference on Architectural Support for Programming Languages and Operating Systems},
 series = {ASPLOS '17},
 year = {2017},
} 

@inproceedings{LargeEmbedding,
 author = {Zhou, Guorui and Zhu, Xiaoqiang and Song, Chenru and Fan, Ying and Zhu, Han and Ma, Xiao and Yan, Yanghui and Jin, Junqi and Li, Han and Gai, Kun},
 title = {Deep Interest Network for Click-Through Rate Prediction},
 booktitle = {Proceedings of the 24th ACM SIGKDD International Conference on Knowledge Discovery \& Data Mining},
 series = {KDD '18},
 year = {2018},
} 

@inproceedings{drf,
 author = {Ghodsi, Ali and Zaharia, Matei and Hindman, Benjamin and Konwinski, Andy and Shenker, Scott and Stoica, Ion},
 title = {Dominant Resource Fairness: Fair Allocation of Multiple Resource Types},
 booktitle = {Proceedings of the 8th USENIX Conference on Networked Systems Design and Implementation},
 series = {NSDI'11},
 year = {2011},
 pages = {323--336},
 publisher = {USENIX Association},
} 

@inproceedings{quincy,
 author = {Isard, Michael and Prabhakaran, Vijayan and Currey, Jon and Wieder, Udi and Talwar, Kunal and Goldberg, Andrew},
 title = {Quincy: Fair Scheduling for Distributed Computing Clusters},
 booktitle = {Proceedings of the ACM SIGOPS 22nd Symposium on Operating Systems Principles},
 series = {SOSP '09},
 year = {2009},
 pages = {261--276},
 publisher = {ACM},
} 

@inproceedings {firmament,
author = {Ionel Gog and Malte Schwarzkopf and Adam Gleave and Robert N. M. Watson and Steven Hand},
title = {Firmament: Fast, Centralized Cluster Scheduling at Scale},
booktitle = {12th {USENIX} Symposium on Operating Systems Design and Implementation ({OSDI} 16)},
year = {2016},
address = {Savannah, GA},
pages = {99--115},
publisher = {{USENIX} Association},
}

@inproceedings{distbelief,
title = {Large Scale Distributed Deep Networks},
author  = {Jeffrey Dean and Greg S. Corrado and Rajat Monga and Kai Chen and Matthieu Devin and Quoc V. Le and Mark Z. Mao and Marc?Aurelio Ranzato and Andrew Senior and Paul Tucker and Ke Yang and Andrew Y. Ng},
year  = {2012},
booktitle = {NIPS}
}

@article{MetropolisHastings,
author = {Hastings, W. K.},
title = {Monte Carlo sampling methods using Markov chains and their applications},
journal = {Biometrika},
volume = {57},
number = {1},
pages = {97-109},
year = {1970},
}

@inproceedings{dependentpartitioning,
 author = {Treichler, Sean and Bauer, Michael and Sharma, Rahul and Slaughter, Elliott and Aiken, Alex},
 title = {Dependent Partitioning},
 booktitle = {Proceedings of the 2016 ACM SIGPLAN International Conference on Object-Oriented Programming, Systems, Languages, and Applications},
 series = {OOPSLA' 16},
 year = {2016},
 publisher = {ACM},
}

@inproceedings{bleu,
 author = {Papineni, Kishore and Roukos, Salim and Ward, Todd and Zhu, Wei-Jing},
 title = {BLEU: A Method for Automatic Evaluation of Machine Translation},
 booktitle = {Proceedings of the 40th Annual Meeting on Association for Computational Linguistics},
 series = {ACL '02},
 year = {2002},
 location = {Philadelphia, Pennsylvania},
} 

@inproceedings{DevicePlace2,
title={A Hierarchical Model for Device Placement},
author={Azalia Mirhoseini and Anna Goldie and Hieu Pham and Benoit Steiner and Quoc V. Le and Jeff Dean},
booktitle={International Conference on Learning Representations},
year={2018},
}

@book{MCMC,
  title={Markov chain Monte Carlo in practice},
  author={Gilks, Walter R and Richardson, Sylvia and Spiegelhalter, David},
  year={1995},
  publisher={CRC press}
}

@article{RNNTC,
  author    = {Yoon Kim},
  title     = {Convolutional Neural Networks for Sentence Classification},
  journal   = {CoRR},
  volume    = {abs/1408.5882},
  year      = {2014},
  url       = {http://arxiv.org/abs/1408.5882},
  archivePrefix = {arXiv},
  eprint    = {1408.5882},
  timestamp = {Wed, 07 Jun 2017 14:40:07 +0200},
  biburl    = {https://dblp.org/rec/bib/journals/corr/Kim14f},
  bibsource = {dblp computer science bibliography, https://dblp.org}
}

@article{RNNLM,
  author    = {Wojciech Zaremba and
               Ilya Sutskever and
               Oriol Vinyals},
  title     = {Recurrent Neural Network Regularization},
  journal   = {CoRR},
  volume    = {abs/1409.2329},
  year      = {2014},
  url       = {http://arxiv.org/abs/1409.2329},
  archivePrefix = {arXiv},
  eprint    = {1409.2329},
  timestamp = {Wed, 07 Jun 2017 14:41:43 +0200},
  biburl    = {https://dblp.org/rec/bib/journals/corr/ZarembaSV14},
  bibsource = {dblp computer science bibliography, https://dblp.org}
}

@article{cifar100,
  title={Learning multiple layers of features from tiny images},
  author={Krizhevsky, Alex and Hinton, Geoffrey},
  year={2009},
  publisher={Citeseer}
}

@article{penntreebank,
 author = {Marcus, Mitchell P. and Marcinkiewicz, Mary Ann and Santorini, Beatrice},
 title = {Building a Large Annotated Corpus of English: The Penn Treebank},
 journal = {Comput. Linguist.},
 issue_date = {June 1993},
 volume = {19},
 publisher = {MIT Press},
 address = {Cambridge, MA, USA}
}

@article{densenet,
  author    = {Gao Huang and
               Zhuang Liu and
               Kilian Q. Weinberger},
  title     = {Densely Connected Convolutional Networks},
  journal   = {CoRR},
  volume    = {abs/1608.06993},
  year      = {2016},
  url       = {http://arxiv.org/abs/1608.06993},
  archivePrefix = {arXiv},
  eprint    = {1608.06993},
  timestamp = {Wed, 07 Jun 2017 14:42:40 +0200},
  biburl    = {https://dblp.org/rec/bib/journals/corr/HuangLW16a},
  bibsource = {dblp computer science bibliography, https://dblp.org}
}

@inproceedings{speech1,
 author = {Graves, Alex and Jaitly, Navdeep},
 title = {Towards End-to-end Speech Recognition with Recurrent Neural Networks},
 booktitle = {Proceedings of the 31st International Conference on International Conference on Machine Learning},
 series = {ICML'14},
 year = {2014},
} 

@article{MXNet,
  author = {Tianqi Chen and
               Mu Li and
               Yutian Li and
               Min Lin and
               Naiyan Wang and
               Minjie Wang and
               Tianjun Xiao and
               Bing Xu and
               Chiyuan Zhang and
               Zheng Zhang},
  title     = {{MXNet}: {A} Flexible and Efficient Machine Learning Library for Heterogeneous
               Distributed Systems},
  journal   = {CoRR},
  volume    = {abs/1512.01274},
  year      = {2015},
}

@article{lam1977worst,
  title={Worst case analysis of two scheduling algorithms},
  author={Lam, Shui and Sethi, Ravi},
  journal={SIAM Journal on Computing},
  volume={6},
  year={1977},
  publisher={SIAM}
}

@article{lenet,
  title={{LeNet-5}, convolutional neural networks},
  author={LeCun, Yann},
  journal={URL: http://yann. lecun. com/exdb/lenet},
  year={2015}
}

@inproceedings{text,
  title={End-to-end text recognition with convolutional neural networks},
  author={Wang, Tao and Wu, David J and Coates, Adam and Ng, Andrew Y},
  booktitle={Proceddings of the 21st International Conference on Pattern Recognition},
  series = {ICPR}, 
  year={2012},
}

@article{game,
  title={Mastering the game of Go with deep neural networks and tree search},
  author={Silver, David and Huang, Aja and Maddison, Chris J and Guez, Arthur and Sifre, Laurent and Van Den Driessche, George and Schrittwieser, Julian and Antonoglou, Ioannis and Panneershelvam, Veda and Lanctot, Marc and others},
  journal={Nature},
  volume={529},
  pages={484--489},
  year={2016},
}

@inproceedings {Poseidon,
author = {Hao Zhang and Zeyu Zheng and Shizhen Xu and Wei Dai and Qirong Ho and Xiaodan Liang and Zhiting Hu and Jinliang Wei and Pengtao Xie and Eric P. Xing},
title = {Poseidon: An Efficient Communication Architecture for Distributed Deep Learning on {GPU} Clusters},
booktitle = {2017 {USENIX} Annual Technical Conference ({USENIX} {ATC} 17)},
series = {ATC},
year = {2017},
}

@article{DevicePlace,
  title={Device Placement Optimization with Reinforcement Learning},
  author={Mirhoseini, Azalia and Pham, Hieu and Le, Quoc V and Steiner, Benoit and Larsen, Rasmus and Zhou, Yuefeng and Kumar, Naveen and Norouzi, Mohammad and Bengio, Samy and Dean, Jeff},
  booktitle = {Proceedings of the 34th International Conference on Machine Learning},
  series = {ICML},
  year={2017},
}

@inproceedings{SplitNet,
  title={{SplitNet}: Learning to semantically split deep networks for parameter reduction and model parallelization},
  author={Kim, Juyong and Park, Yookoon and Kim, Gunhee and Hwang, Sung Ju},
  booktitle={Proceedings of the 34th International Conference on Machine Learning},
  series = {ICML},
  year={2017}
}

@inproceedings{Alvarez1,
  title={Learning the number of neurons in deep networks},
  author={Alvarez, Jose M and Salzmann, Mathieu},
  booktitle={Proceedings of the 29th International Conference on Neural Information Processing Systems},
  series = {NIPS},
  year={2016}
}

@inproceedings{Han1,
 author = {Han, Song and Pool, Jeff and Tran, John and Dally, William J.},
 title = {Learning Both Weights and Connections for Efficient Neural Networks},
 booktitle = {Proceedings of the 28th International Conference on Neural Information Processing Systems},
 series = {NIPS},
 year = {2015},
} 

@article{face,
  title={Face recognition: A convolutional neural-network approach},
  author={Lawrence, Steve and Giles, C Lee and Tsoi, Ah Chung and Back, Andrew D},
  journal={IEEE transactions on neural networks},
  year={1997}
}

@inproceedings{Resnet,
  title={Deep residual learning for image recognition},
  author={He, Kaiming and Zhang, Xiangyu and Ren, Shaoqing and Sun, Jian},
  booktitle={Proceedings of the IEEE Conference on Computer Vision and Pattern Recognition},
  series = {CVPR},
  year={2016}
}

@inproceedings{imagenet2009,
  title={{ImageNet}: A large-scale hierarchical image database},
  author={Deng, Jia and Dong, Wei and Socher, Richard and Li, Li-Jia and Li, Kai and Fei-Fei, Li},
  booktitle={Proceedings of the IEEE Conference on Computer Vision and Pattern Recognition},
  series = {CVPR},
  year={2009},
}

@inproceedings{AlexNet,
 author = {Krizhevsky, Alex and Sutskever, Ilya and Hinton, Geoffrey E.},
 title = {{ImageNet} Classification with Deep Convolutional Neural Networks},
 booktitle = {Proceedings of the 25th International Conference on Neural Information Processing Systems},
 series = {NIPS},
 year = {2012},
}

@article{OWT,
  author    = {Alex Krizhevsky},
  title     = {One weird trick for parallelizing convolutional neural networks},
  journal  = {CoRR},
  volume   = {abs/1404.5997},
  year      = {2014},
  url       = {http://arxiv.org/abs/1404.5997},
}

@article{LargeSGD,
  author    = {Priya Goyal and
               Piotr Doll{\'{a}}r and
               Ross B. Girshick and
               Pieter Noordhuis and
               Lukasz Wesolowski and
               Aapo Kyrola and
               Andrew Tulloch and
               Yangqing Jia and
               Kaiming He},
  title     = {Accurate, Large Minibatch {SGD:} Training ImageNet in 1 Hour},
  journal   = {CoRR},
  volume    = {abs/1706.02677},
  year      = {2017},
  url       = {http://arxiv.org/abs/1706.02677},
}


@inproceedings{Tensorflow,
  title={TensorFlow: A System for Large-Scale Machine Learning.},
  author={Abadi, Mart\'{\i}n and Barham, Paul and Chen, Jianmin and Chen, Zhifeng and Davis, Andy and Dean, Jeffrey and Devin, Matthieu and Ghemawat, Sanjay and Irving, Geoffrey and Isard, Michael and Kudlur, Manjunath and Levenberg, Josh and Monga, Rajat and Moore, Sherry and Murray, Derek G. and Steiner, Benoit and Tucker, Paul and Vasudevan, Vijay and Warden, Pete and Wicke, Martin and Yu, Yuan and Zheng, Xiaoqiang},
  booktitle = {Proceedings of the 12th USENIX Conference on Operating Systems Design and Implementation},
  series={OSDI},
  year={2016}
}

@incollection{Bengio+chapter2007,
author = {Bengio, Yoshua and LeCun, Yann},
booktitle = {Large Scale Kernel Machines},
publisher = {MIT Press},
title = {Scaling Learning Algorithms Towards {AI}},
year = {2007}
}

@article{Hinton06,
author = {Hinton, Geoffrey E. and Osindero, Simon and Teh, Yee Whye},
journal = {Neural Computation},
pages = {1527--1554},
title = {A Fast Learning Algorithm for Deep Belief Nets},
volume = {18},
year = {2006}
}

@misc{DGL,
Howpublished = {\url{https://www.dgl.ai/}},
Title = {{Deep Graph Library: towards efficient and scalable deep learning on graphs}},
year = {2018}
}

@misc{tensorflowbenchmark,
Howpublished ={\url{https://www.tensorflow.org/performance/benchmarks}},
Title = {{TensorFlow Benchmarks}},
year = {2017}
}

@misc{moviereviews,
Key = {Movies},
Howpublished = {\url{https://www.cs.cornell.edu/people/pabo/movie-review-data/}},
Title = {Movie Review Data},
year= {2005}
}

@misc{pytorch,
Key = {PyTorch},
Howpublished = {\url{https://pytorch.org}},
Title = {{Tensors and Dynamic neural networks in Python with strong GPU acceleration.}},
year={2017}
}
	
@misc{caffe2,
Key = {Caffe2},
Howpublished = {\url{https://caffe2.ai}},
Title = {{A New Lightweight, Modular, and Scalable Deep Learning Framework}},
year={2016}
}

@article{GoogleNet,
  author    = {Christian Szegedy and
               Wei Liu and
               Yangqing Jia and
               Pierre Sermanet and
               Scott E. Reed and
               Dragomir Anguelov and
               Dumitru Erhan and
               Vincent Vanhoucke and
               Andrew Rabinovich},
  title     = {Going Deeper with Convolutions},
  journal   = {CoRR},
  volume    = {abs/1409.4842},
  year      = {2014},
  url       = {http://arxiv.org/abs/1409.4842},
}

@inproceedings{VUCN,
  title={Visualizing and Understanding Convolutional Networks},
  author={Zeiler, Matthew D and Fergus, Rob},
  booktitle={European conference on computer vision},
  year={2014},
}

@inproceedings{Inception,
  title={Rethinking the Inception architecture for computer vision},
  author={Szegedy, Christian and Vanhoucke, Vincent and Ioffe, Sergey and Shlens, Jon and Wojna, Zbigniew},
  booktitle={Proceedings of the IEEE Conference on Computer Vision and Pattern Recognition},
  year={2016}
}

@article{VGG,
  author    = {Karen Simonyan and
               Andrew Zisserman},
  title     = {Very Deep Convolutional Networks for Large-Scale Image Recognition},
  journal   = {CoRR},
  volume    = {abs/1409.1556},
  year      = {2014},
  url       = {http://arxiv.org/abs/1409.1556},
 }
 
 @article{BPE,
  title={Neural machine translation of rare words with subword units},
  author={Sennrich, Rico and Haddow, Barry and Birch, Alexandra},
  journal={arXiv preprint arXiv:1508.07909},
  year={2015}
}

@InProceedings{OptCNN,
  title = 	 {Exploring Hidden Dimensions in Accelerating Convolutional Neural Networks},
  author = 	 {Jia, Zhihao and Lin, Sina and Qi, Charles R. and Aiken, Alex},
  booktitle = 	 {Proceedings of the 35th International Conference on Machine Learning},
  year = 	 {2018},
  volume = 	 {80},
  series = 	 {Proceedings of Machine Learning Research},
  publisher = 	 {PMLR},
}
 
 @article{cudnn,
  author    = {Sharan Chetlur and
               Cliff Woolley and
               Philippe Vandermersch and
               Jonathan Cohen and
               John Tran and
               Bryan Catanzaro and
               Evan Shelhamer},
  title     = {cuDNN: Efficient Primitives for Deep Learning},
  journal   = {CoRR},
  volume    = {abs/1410.0759},
  year      = {2014},
  url       = {http://arxiv.org/abs/1410.0759},
}

@inproceedings{Legion12,
 author = {Bauer, Michael and Treichler, Sean and Slaughter, Elliott and Aiken, Alex},
 title = {Legion: Expressing Locality and Independence with Logical Regions},
 booktitle = {Proceedings of the International Conference on High Performance Computing, Networking, Storage and Analysis},
 year = {2012},
} 

@misc{wmt16,
  key = {WMT},
  howpublished={\url{http://www.statmt.org/wmt16}},
  title={Conference on Machine Translation},
  year={2016}
}

@misc{curand,
Key = {cuRAND},
Howpublished = {\url{https://developer.nvidia.com/curand}},
Title = {{The NVIDIA CUDA Random Number Generation library}},
year={2016}
}

@misc{cublas,
Key = {cuBLAS},
Howpublished = {\url{https://developer.nvidia.com/cublas}},
Title = {{Dense Linear Algebra on GPUs}},
year={2016}
}

@article{imagenet,
  title={Imagenet large scale visual recognition challenge},
  author={Russakovsky, Olga and Deng, Jia and Su, Hao and Krause, Jonathan and Satheesh, Sanjeev and Ma, Sean and Huang, Zhiheng and Karpathy, Andrej and Khosla, Aditya and Bernstein, Michael and others},
  journal={International Journal of Computer Vision},
  year={2015},
}

@misc{XStream,
	Howpublished = {http://xstream.stanford.edu/},
	Title = {{XStream Cray CS-Storm compute cluster}},
	year={2016}}

@article{GNMT,
  author    = {Yonghui Wu and
               Mike Schuster and
               Zhifeng Chen and
               Quoc V. Le and
               Mohammad Norouzi and
               Wolfgang Macherey and
               Maxim Krikun and
               Yuan Cao and
               Qin Gao and
               Klaus Macherey and
               Jeff Klingner and
               Apurva Shah and
               Melvin Johnson and
               Xiaobing Liu and
               Lukasz Kaiser and
               Stephan Gouws and
               Yoshikiyo Kato and
               Taku Kudo and
               Hideto Kazawa and
               Keith Stevens and
               George Kurian and
               Nishant Patil and
               Wei Wang and
               Cliff Young and
               Jason Smith and
               Jason Riesa and
               Alex Rudnick and
               Oriol Vinyals and
               Greg Corrado and
               Macduff Hughes and
               Jeffrey Dean},
  title     = {Google's Neural Machine Translation System: Bridging the Gap between
               Human and Machine Translation},
  journal   = {CoRR},
  volume    = {abs/1609.08144},
  year      = {2016},
}

@article{ILSVRC15,
Author = {Olga Russakovsky and Jia Deng and Hao Su and Jonathan Krause and Sanjeev Satheesh and Sean Ma and Zhiheng Huang and Andrej Karpathy and Aditya Khosla and Michael Bernstein and Alexander C. Berg and Li Fei-Fei},
Title = {{ImageNet Large Scale Visual Recognition Challenge}},
Year = {2015},
journal   = {International Journal of Computer Vision (IJCV)},
doi = {10.1007/s11263-015-0816-y},
volume={115},
number={3},
pages={211-252}
}

@book{IntroAlg,
 author = {Cormen, Thomas H. and Leiserson, Charles E. and Rivest, Ronald L. and Stein, Clifford},
 title = {Introduction to Algorithms, Third Edition},
 year = {2009},
 edition = {3rd},
 publisher = {The MIT Press},
} 

@article{NMT2,
  author    = {Dzmitry Bahdanau and
               Kyunghyun Cho and
               Yoshua Bengio},
  title     = {Neural Machine Translation by Jointly Learning to Align and Translate},
  journal   = {CoRR},
  volume    = {abs/1409.0473},
  year      = {2014},
}

@inproceedings{speech2,
 author = {Amodei, Dario and Ananthanarayanan, Sundaram and Anubhai, Rishita and Bai, Jingliang and Battenberg, Eric and Case, Carl and Casper, Jared and Catanzaro, Bryan and Cheng, Qiang and Chen, Guoliang and Chen, Jie and Chen, Jingdong and Chen, Zhijie and Chrzanowski, Mike and Coates, Adam and Diamos, Greg and Ding, Ke and Du, Niandong and Elsen, Erich and Engel, Jesse and Fang, Weiwei and Fan, Linxi and Fougner, Christopher and Gao, Liang and Gong, Caixia and Hannun, Awni and Han, Tony and Johannes, Lappi Vaino and Jiang, Bing and Ju, Cai and Jun, Billy and LeGresley, Patrick and Lin, Libby and Liu, Junjie and Liu, Yang and Li, Weigao and Li, Xiangang and Ma, Dongpeng and Narang, Sharan and Ng, Andrew and Ozair, Sherjil and Peng, Yiping and Prenger, Ryan and Qian, Sheng and Quan, Zongfeng and Raiman, Jonathan and Rao, Vinay and Satheesh, Sanjeev and Seetapun, David and Sengupta, Shubho and Srinet, Kavya and Sriram, Anuroop and Tang, Haiyuan and Tang, Liliang and Wang, Chong and Wang, Jidong and Wang, Kaifu and Wang, Yi and Wang, Zhijian and Wang, Zhiqian and Wu, Shuang and Wei, Likai and Xiao, Bo and Xie, Wen and Xie, Yan and Yogatama, Dani and Yuan, Bin and Zhan, Jun and Zhu, Zhenyao},
 title = {Deep Speech 2: End-to-end Speech Recognition in English and Mandarin},
 booktitle = {Proceedings of the 33rd International Conference on International Conference on Machine Learning},
 series = {ICML'16},
 } 
 
 @article{MSGBK,
  author    = {Ciprian Chelba and
               Tomas Mikolov and
               Mike Schuster and
               Qi Ge and
               Thorsten Brants and
               Phillipp Koehn},
  title     = {One Billion Word Benchmark for Measuring Progress in Statistical Language
               Modeling},
  journal   = {CoRR},
  volume    = {abs/1312.3005},
  year      = {2013},
}
